<?xml version="1.0" encoding="UTF-8"?><collection xmlns="http://www.loc.gov/MARC21/slim"><record><leader>00338nam--2200133-i-4500</leader><controlfield tag="001">000043007</controlfield><controlfield tag="002">20161230</controlfield><controlfield tag="005">20161230201043</controlfield><controlfield tag="008">060222s1000------------r-----000-0-eng-d</controlfield><datafield ind1=" " ind2=" " tag="080"><subfield code="a">57.017.67</subfield></datafield><datafield ind1=" " ind2=" " tag="100"><subfield code="a">Strehler, Bernard, L</subfield></datafield><datafield ind1=" " ind2=" " tag="245"><subfield code="a">Time, cells, and aging. 2nd edition</subfield></datafield><datafield ind1=" " ind2=" " tag="260"><subfield code="a">New York, Acad.Press, 1977, Ix+455p</subfield></datafield><datafield ind1=" " ind2=" " tag="852"><subfield code="a">46937</subfield></datafield></record></collection>